@movie{golmaal,
title =   {Golmaal},
director= {Hrishikesh Mukherjee}     
year = {1979},
publisher = {Rupam Chitra}
}

@movie{MunnaBhai,
title =   {Munna Bhai M.B.B.S},
director= {Raj Kumar Hirani}     
year = {2003},
producer = {Vidhu Vinod Chopra}
}

@movie{lagerahomunnabhai,
title =   {Lage Raho Munna Bhai},
director= {Raj Kumar Hirani}     
year = {2006},
producer = {Vidhu Vinod Chopra}
}